%YAML 1.1
%TAG !u! tag:unity3d.com,2011:
--- !u!1 &5443901192578300368
GameObject:
  m_ObjectHideFlags: 0
  m_CorrespondingSourceObject: {fileID: 0}
  m_PrefabInstance: {fileID: 0}
  m_PrefabAsset: {fileID: 0}
  serializedVersion: 6
  m_Component:
  - component: {fileID: 2104251341941924431}
  - component: {fileID: 6492168368128356855}
  - component: {fileID: 2564899979683396395}
  - component: {fileID: -6048044967602550131}
  m_Layer: 0
  m_Name: BulletCome
  m_TagString: Untagged
  m_Icon: {fileID: 0}
  m_NavMeshLayer: 0
  m_StaticEditorFlags: 0
  m_IsActive: 1
--- !u!4 &2104251341941924431
Transform:
  m_ObjectHideFlags: 0
  m_CorrespondingSourceObject: {fileID: 0}
  m_PrefabInstance: {fileID: 0}
  m_PrefabAsset: {fileID: 0}
  m_GameObject: {fileID: 5443901192578300368}
  m_LocalRotation: {x: 0, y: 0, z: 0, w: 1}
  m_LocalPosition: {x: 0, y: 0, z: 0}
  m_LocalScale: {x: 1, y: 1, z: 1}
  m_ConstrainProportionsScale: 0
  m_Children:
  - {fileID: 3809748329156711605}
  m_Father: {fileID: 0}
  m_RootOrder: 0
  m_LocalEulerAnglesHint: {x: 0, y: 0, z: 0}
--- !u!114 &6492168368128356855
MonoBehaviour:
  m_ObjectHideFlags: 0
  m_CorrespondingSourceObject: {fileID: 0}
  m_PrefabInstance: {fileID: 0}
  m_PrefabAsset: {fileID: 0}
  m_GameObject: {fileID: 5443901192578300368}
  m_Enabled: 1
  m_EditorHideFlags: 0
  m_Script: {fileID: 11500000, guid: f1fb4a4afc000844d87e38b229736d8a, type: 3}
  m_Name: 
  m_EditorClassIdentifier: 
  speed: 0.4
--- !u!136 &2564899979683396395
CapsuleCollider:
  m_ObjectHideFlags: 0
  m_CorrespondingSourceObject: {fileID: 0}
  m_PrefabInstance: {fileID: 0}
  m_PrefabAsset: {fileID: 0}
  m_GameObject: {fileID: 5443901192578300368}
  m_Material: {fileID: 0}
  m_IsTrigger: 0
  m_Enabled: 1
  m_Radius: 0.17
  m_Height: 0.9
  m_Direction: 2
  m_Center: {x: 0, y: 0, z: -0.02}
--- !u!54 &-6048044967602550131
Rigidbody:
  m_ObjectHideFlags: 0
  m_CorrespondingSourceObject: {fileID: 0}
  m_PrefabInstance: {fileID: 0}
  m_PrefabAsset: {fileID: 0}
  m_GameObject: {fileID: 5443901192578300368}
  serializedVersion: 2
  m_Mass: 1
  m_Drag: 0
  m_AngularDrag: 0.05
  m_UseGravity: 0
  m_IsKinematic: 0
  m_Interpolate: 0
  m_Constraints: 118
  m_CollisionDetection: 1
--- !u!1001 &3806057913904326357
PrefabInstance:
  m_ObjectHideFlags: 0
  serializedVersion: 2
  m_Modification:
    m_TransformParent: {fileID: 2104251341941924431}
    m_Modifications:
    - target: {fileID: 1825870777587358, guid: 9568f15e6607c70469b5b2657c7cd0b3, type: 3}
      propertyPath: m_Name
      value: Bullet
      objectReference: {fileID: 0}
    - target: {fileID: 4262163473691232, guid: 9568f15e6607c70469b5b2657c7cd0b3, type: 3}
      propertyPath: m_RootOrder
      value: 0
      objectReference: {fileID: 0}
    - target: {fileID: 4262163473691232, guid: 9568f15e6607c70469b5b2657c7cd0b3, type: 3}
      propertyPath: m_LocalPosition.x
      value: 0
      objectReference: {fileID: 0}
    - target: {fileID: 4262163473691232, guid: 9568f15e6607c70469b5b2657c7cd0b3, type: 3}
      propertyPath: m_LocalPosition.y
      value: 0
      objectReference: {fileID: 0}
    - target: {fileID: 4262163473691232, guid: 9568f15e6607c70469b5b2657c7cd0b3, type: 3}
      propertyPath: m_LocalPosition.z
      value: 0
      objectReference: {fileID: 0}
    - target: {fileID: 4262163473691232, guid: 9568f15e6607c70469b5b2657c7cd0b3, type: 3}
      propertyPath: m_LocalRotation.w
      value: 0.7071068
      objectReference: {fileID: 0}
    - target: {fileID: 4262163473691232, guid: 9568f15e6607c70469b5b2657c7cd0b3, type: 3}
      propertyPath: m_LocalRotation.x
      value: -0.7071068
      objectReference: {fileID: 0}
    - target: {fileID: 4262163473691232, guid: 9568f15e6607c70469b5b2657c7cd0b3, type: 3}
      propertyPath: m_LocalRotation.y
      value: 0
      objectReference: {fileID: 0}
    - target: {fileID: 4262163473691232, guid: 9568f15e6607c70469b5b2657c7cd0b3, type: 3}
      propertyPath: m_LocalRotation.z
      value: 0
      objectReference: {fileID: 0}
    - target: {fileID: 4262163473691232, guid: 9568f15e6607c70469b5b2657c7cd0b3, type: 3}
      propertyPath: m_LocalEulerAnglesHint.x
      value: -90
      objectReference: {fileID: 0}
    - target: {fileID: 4262163473691232, guid: 9568f15e6607c70469b5b2657c7cd0b3, type: 3}
      propertyPath: m_LocalEulerAnglesHint.y
      value: 0
      objectReference: {fileID: 0}
    - target: {fileID: 4262163473691232, guid: 9568f15e6607c70469b5b2657c7cd0b3, type: 3}
      propertyPath: m_LocalEulerAnglesHint.z
      value: 0
      objectReference: {fileID: 0}
    - target: {fileID: 135030472764333120, guid: 9568f15e6607c70469b5b2657c7cd0b3,
        type: 3}
      propertyPath: m_Enabled
      value: 0
      objectReference: {fileID: 0}
    m_RemovedComponents:
    - {fileID: 114273108599388094, guid: 9568f15e6607c70469b5b2657c7cd0b3, type: 3}
  m_SourcePrefab: {fileID: 100100000, guid: 9568f15e6607c70469b5b2657c7cd0b3, type: 3}
--- !u!4 &3809748329156711605 stripped
Transform:
  m_CorrespondingSourceObject: {fileID: 4262163473691232, guid: 9568f15e6607c70469b5b2657c7cd0b3,
    type: 3}
  m_PrefabInstance: {fileID: 3806057913904326357}
  m_PrefabAsset: {fileID: 0}
